@Book{elo,
author = {A. E. Elo},
title = {The rating of chessplayers, past and present},
publisher = {Arco Publishing, New York},
year = {1978},
OPTkey = {•},
OPTvolume = {•},
OPTnumber = {•},
OPTseries = {•},
OPTaddress = {•},
OPTedition = {•},
OPTmonth = {•},
OPTnote = {•},
OPTannote = {•}
}

@Book{probability,
author = {Meyer Dwass},
ALTeditor = {•},
title = {Probability: Theory and Applications},
publisher = {W. A. Benjamin, Inc., New York},
year = {1970},
OPTkey = {•},
OPTvolume = {•},
OPTnumber = {•},
OPTseries = {•},
OPTaddress = {•},
OPTedition = {•},
OPTmonth = {•},
OPTnote = {•},
OPTannote = {•}
}

@article{football,
title = "Using ELO ratings for match result prediction in association football",
journal = "International Journal of Forecasting",
volume = "26",
number = "3",
pages = "460 - 470",
year = "2010",
note = "Sports Forecasting",
issn = "0169-2070",
doi = "10.1016/j.ijforecast.2009.10.002",
url = "http://www.sciencedirect.com/science/article/pii/S0169207009001708",
author = "Lars Magnus Hvattum and Halvard Arntzen",
keywords = "Sports forecasting",
keywords = "Loss function",
keywords = "Evaluating forecasts",
keywords = "Rating",
keywords = "Ordered logit"
}

@article{glicko,
  title={The Glicko system},
  author={Glickman, Mark E},
  journal={Boston University},
  year={1998}
}

@article{trueskill,
  title={Trueskill™: A Bayesian skill rating system},
  author={Ralf Herbrich, Tom Minka and Thore Graepel},
  journal={Advances in Neural Information Processing Systems},
  volume={19},
  pages={569},
  year={2007},
  publisher={MIT Press}
}

@misc{trueskillMicrosoft,
  title = {TrueSkill™ Ranking System: Details},
  howpublished = {http://research.microsoft.com/en-us/projects/trueskill/details.aspx},
  note = {Accessed: 23/03/2013}
}

@misc{trueskillSimple,
title = {Computing Your Skill},
howpublished = {http://www.moserware.com/2010/03/computing-your-skill.html},
note = {Accessed: 23/03/2013},
}

@misc{allegskill,
title = {AllegSkill},
howpublished = {http://www.freeallegiance.org/FAW/index.php/AllegSkill},
note = {Accessed: 23/03/2013},
}

@misc{bof,
title = {The Ranking System},
howpublished = {http://www.britishorienteering.org.uk/images/uploaded/downloads/events\_appendix\_k.pdf},
note = {Accessed: 23/03/2013},
}